@Misc{Hewett,
  author = 	 {Hewett, T. T., Baecker, R., Card, S., Carey, T., Gasen, J., Mantei, M., Perlman, G., Strong, G., Verplank, W.},
  title = 	 { ACM SIGCHI Curricula for Human-Computer Interaction},
  year = 	 {1992},
  note = 	 {Dispon\'ivel em: http://old.sigchi.org/cdg/ Acesso em: Mar\c{c}o de 2015}
 
}


@Book{Card,
  author = 	 {Card, K. D., Moran, T. P., Newell, A.},
  title = 	 {The Psychology of Human Computer Interaction},
  publisher = 	 {Lawrence Erlbaum Associates},
  year = 	 {1983}
  
}

@Book{Norman,
  author = 	 {Norman, D. A., Draper, S. W.},
  title = 	 {USER CENTERED SYSTEM DESIGN.New Perspectives on Human-Computer Interaction},
  publisher = 	 {Lawrence Erlbaum Associates},
  year = 	 {1986}
 
}


@book{Barbosa,
    author    = "Simone Barbosa Diniz Junqueira and  Bruno Santana da Silva,",
    title     = " Intera\c{c}\~ao Humano-Computador",
    publisher = "Elsevir Editora Ltda",
    year      = "2010"
    
}

@Article{Moran,
  author = 	 {Moran, T. P.},
  title = 	 {The Command Language Grammar: a representation for the user interface of interactive computer systems },
  journal = 	 {International Journal of Man-Machine Studies},
  year = 	 {1981}
  
}

@Book{Hix,
  author = 	 {Hix, D., Hartson, H. R.},
  title = 	 {Developing user interfaces: ensuring usability through product \& process},
  publisher = 	 { Wiley},
  year = 	 {1993}
   
}

@book{Melo,
    author    = "Amanda Meincke Melo",
    title     = " Livro dos Tutoriais do XIII Simpósio Brasileiro sobre Fatores Humanos em Sistemas Computacionais",
    publisher = " Sociedade Brasileira de Computação - SBC ",
    year      = "2014",
    
}

@article{Jazayeri,
    author    = "Mehdi Jazayeri",
    title     = "Some Trends in Web Application Development",
    journal   = "Future of Software Engineering, 2007. FOSE '07",
    year      = "2007"
    
}

@mastersthesis{Freire,
    author    = "André Pimenta Freire ",
    title     = "Acessibilidade no desenvolvimento de sistemas Web: um estudo sobre o cen\'ario brasileiro ",
    school    = "Universidade S\~ao Paulo- S\~ao Carlos",
    year      = "2008",
    
}

@TechReport{WAI,
  author      = "Shawn Lawton Henry and Michael Duffy ",
  title       = "Essential Components of Web Accessibility",
  month       = aug,
  year        = "2005",
  type        = "{W3C} Recommendation",
  institution = "W3C",
   note = 	 {Dispon\'ivel em http://www.w3.org/WAI/intro/components.php Acesso em: 20 de Mar\c{c}o de 2015}
 }
 
 @TechReport{WAI/W3C,
  author      = "Shawn Lawton Henry and participants of the Education and Outreach Working Group ",
  title       = "Introduction to Web Accessibility",
  month       = sep,
  year        = "2005",
  type        = "{W3C} Recommendation",
  institution = "W3C",
   note = 	 {Dispon\'ivel em http://www.w3.org/WAI/intro/accessibility.php Acesso em: 20 de Mar\c{c}o de 2015}
 }
 
 @Article{AcessibilidadeBrasil,
	editor = {Imprensa Nacional},
	year = {2004},
	month = {dec},
	title = {{Decreto lei 5296 -- Regulamenta as Leis nos 10.048, de 8 de novembro de 2000 e 10.098, de 19 de dezembro de 2000}},
	journal = {Di\'ario Oficial da Uni\~ao},
	author = {BRASIL},
	note = 	 {Dispon\'vel em http://www.planalto.gov.br/ccivil\_03/\_ato2004-2006/2004/decreto/d5296.htm Acesso em: 25 de Mar\c{c}o de 2015},
	address = {Bras\'ilia},
	note = {}
}

@Misc{Caldwell,
  author = 	 {Caldwell, B., Reid, L. G., Cooper, M., and Vanderheiden, G.},
  title = 	 {Web content accessibility guidelines (WCAG) 2.0. W3C recommendation, W3C},
  year = 	 {2008},
  note = 	 {Dispon\'ivel em http://www.w3.org/TR/WCAG20/ Acesso em: 20 de Mar\c{c}o de 2015}

} 

@Article{eMAG,
  author = 	 {Ana Elisa Dourado Salina Gabriel and César Gonçalves do Bomfim and Edson Santos Martins Leite and Fernanda Hoffmann Lobato and Higo Gomes Mesquita },
  title = 	 {Modelo de Acessibilidade em Governo Eletrônico eMAG},
  journal = 	 {eMAG Modelo de Acessibilidade em Governo Eletrônico},
  year = 	 {2014},
  note = 	 {Dispon\'ivel em http://emag.governoeletronico.gov.br/ Acesso em: 25 de Mar\c{c}o de 2015}
}

@Article{Gomes,
  author = 	 {Gomes, J., Vianna, P.H., Carvalho, D., Pazuch, S.S., Lorini, A.,Carvalho, D., Steffens, R.},
  title = 	 {An\'alise de Acessibilidade Aplicada ao Website da Universidade Federal de Santa Maria},
  journal = 	 {Encontro Anual da Tecnologia da Informação},
  year = 	 {2014},
  
}

@Article{Lucca,
  author = 	 {Lucca, Di G.A., Fasolino, A. R., Tramontana, P.},
  title = 	 {Web Site Accessibility: Identifying and Fixing Accessibility Problems in Client Page Code},
  journal = 	 {Web Site Evolution. Seventh IEEE International Symposium on.},
  year = 	 {2005},
  
}

@Article{Baranauskas,
  author = 	 {Melo A. M., Baranauskas, M. C. C., Bonilha, F. F. G. },
  title = 	 {Avalia\c{c}\~ao de Acessibilidade na Web com a Participa\c{c}\~ao do Usu\'ario - um Estudo de Caso},
  journal = 	 {VI Simp\'osio sobre Fatores Humanos em Sistemas Computacionais - Mediando e Transformando o Cotidiano},
  year = 	 {2004},
  
}

@Misc{IBGE,
  author = 	 {Instituto Brasileiro de Geografia e Estatística},
  title = 	 {Acesso à Internet e posse de telefone móvel celular para uso pessoal},
  year = 	 {2013},
  note = 	 {Dispon\'ivel em http://www.ibge.gov.br/home/estatistica/populacao/acessoainternet/ Acesso em: 01 de Junho de 2015}
 
}

@Article{Pressman,
  author = 	 {Pressman R. },
  title = 	 {What a tangled Web we have},
  journal = 	 {IEEE Software},
  year = 	 {2000}
  
}

@Article{Torres,
  author = 	 {Torres, Elisabeth Fátima, Mazzoni, Alberto Angel, Alves, João Bosco da Mota},
  title = 	 {A acessibilidade à informação no espaço digital},
  journal = 	 {Scielo},
  year = 	 {2002}
  
}

@Article{Kelly,
  author = 	 {Kelly,B.,Sloan, D., Brown, S., Petrie, H., Lauke,P., Ball,S., Seale,J.},
  title = 	 {Accessibility 2.0: People, Policies and Processes},
  journal = 	 {ACM},
  year = 	 {2007}
  
}

 

@Misc{LAI,
  author = 	 {Governo Federal},
  title = 	 {LAI: A Lei de Acesso à Informação.},
  year = 	 {2008},
  note = 	 {Dispon\'ivel em http://www.acessoainformacao.gov.br/assuntos/conheca-seu-direito/a-lei-de-acesso-a-informacao Acesso em: 26 de Maio de 2015}

}

@inproceedings{KatsVermaasVisser2011,
  title     = {Integrated Language Definition Testing:
               Enabling Test-Driven Language Development},
  author    = {Lennart C. L. Kats and Rob Vermaas and Eelco Visser},
  year      = {2011},
  booktitle = {Proceedings of the 26th Annual ACM SIGPLAN Conference on
               Object-Oriented Programming, Systems, Languages, and
               Applications (OOPSLA 2011)},
  editor    = {Kathleen Fisher},
  address   = {Portland, Oregon, USA},
  publisher = {ACM}
}

@Book{Blauth,
  author = 	 {Blauth, Paulo Menezes},
  title = 	 {Linguagens Formais e Autômatos},
  publisher = 	 {Artmed Editora SA},
  year = 	 {2010}
  
}
