%%% Arquivo que devera conter todas as suas referencias bibliograficas

%%% Para livros utilize book
%%% Para artigos em revistas (journals) utilize article
%%% Para artigos em conferencias e eventos utilize inproceedings
%%% Para monografias de graduacao e trabalhos tecnicos utilize techreport
%%% Para artigos online e material web utilize misc
%%% Para outros acessar http://en.wikibooks.org/wiki/LaTeX/Bibliography_Management

 @book{Barbosa,
    author    = "Simone Barbosa Diniz Junqueira and  Bruno Santana da Silva,",
    title     = " Intera\c{c}\~ao Humano-Computador",
    publisher = "Elsevir Editora Ltda",
    year      = "2010",
    
}

@mastersthesis{Freire,
    author    = "André Pimenta Freire ",
    title     = "Acessibilidade no desenvolvimento de sistemas Web: um estudo sobre o cen\'ario brasileiro ",
    school    = "Universidade S\~ao Paulo- S\~ao Carlos",
    year      = "2008",
    
}

@TechReport{WAI,
  author      = "Shawn Lawton Henry and Michael Duffy ",
  title       = "Essential Components of Web Accessibility",
  month       = aug,
  note        = "http://www.w3.org/WAI/intro/components.php",
  year        = "2005",
  type        = "{W3C} Recommendation",
  institution = "W3C",
   note = 	 {Acesso em: 20 de Mar\c{c}o de 2015}
 }
 
 @TechReport{WAI/W3C,
  author      = "Shawn Lawton Henry and participants of the Education and Outreach Working Group ",
  title       = "Introduction to Web Accessibility",
  month       = sep,
  note        = "http://www.w3.org/WAI/intro/accessibility.php",
  year        = "2005",
  type        = "{W3C} Recommendation",
  institution = "W3C",
   note = 	 {Acesso em: 20 de Mar\c{c}o de 2015}
 }
 
 @TechReport{WCAG,
  author      = "Ben Caldwell and Loretta Guarino Reid and Michael Cooper and Gregg Vanderheiden",
  title       = "Web Content Accessibility Guidelines ({WCAG}) 2.0",
  month       = "dec",
  url        = "http://www.w3.org/TR/2008/REC-WCAG20-20081211/",
  year        = "2008",
  bibsource   = "http://w2.syronex.com/jmr/w3c-biblio",
  type        = "{W3C} Recommendation",
  institution = "W3C",
  note = 	 {Acesso em: 20 de Mar\c{c}o de 2015},
}


@article{Jazayeri,
    author    = "Mehdi Jazayeri",
    title     = "Some Trends in Web Application Development",
    journal   = "Future of Software Engineering, 2007. FOSE '07",
    year      = "2007",
    
}

@Article{AcessibilidadeBrasil,
	editor = {Imprensa Nacional},
	year = {2004},
	month = {dec},
	title = {{Decreto lei 5296 -- Regulamenta as Leis nos 10.048, de 8 de novembro de 2000 e 10.098, de 19 de dezembro de 2000}},
	journal = {Di\'ario Oficial da Uni\~ao},
	author = {BRASIL},
	publisher = {},
	url = {http://www.planalto.gov.br/ccivil_03/_ato2004-2006/2004/decreto/d5296.htm},
	note = 	 {Acesso em: 25 de Mar\c{c}o de 2015},
	address = {Bras\'ilia},
	note = {},
}


@Misc{Caldwell,
  author = 	 {Caldwell, B., Reid, L. G., Cooper, M., and Vanderheiden, G.},
  title = 	 {Web content accessibility guidelines (WCAG) 2.0. W3C recommendation, W3C.},
  howpublished = {http://www.w3.org/TR/WCAG20/},
  year = 	 {2008},
  note = 	 {Acesso em: 20 de Mar\c{c}o de 2015},

}

@Article{eMAG,
  author = 	 {Ana Elisa Dourado Salina Gabriel and César Gonçalves do Bomfim and Edson Santos Martins Leite and Fernanda Hoffmann Lobato and Higo Gomes Mesquita },
  title = 	 {Modelo de Acessibilidade em Governo Eletrônico eMAG},
  journal = 	 {eMAG Modelo de Acessibilidade em Governo Eletrônico},
  year = 	 {2014},
  pages = 	 {92},
  url = 	 {http://emag.governoeletronico.gov.br/},
  note = 	 {Acesso em: 25 de Mar\c{c}o de 2015}
}

  
  @Article{Gomes,
  author = 	 {Gomes, J., Vianna, P.H., Carvalho, D., Pazuch, S.S., Lorini, A.,Carvalho, D., Steffens, R.},
  title = 	 {An\'alise de Acessibilidade Aplicada ao Website da Universidade Federal de Santa Maria},
  journal = 	 {Encontro Anual da Tecnologia da Informação},
  year = 	 {2014},
  
}

@Article{Lucca,
  author = 	 {Lucca, Di G.A., Fasolino, A. R., Tramontana, P.},
  title = 	 {Web Site Accessibility: Identifying and Fixing Accessibility Problems in Client Page Code},
  journal = 	 {Web Site Evolution. Seventh IEEE International Symposium on.},
  year = 	 {2005},
  
}

@Article{Baranauskas,
  author = 	 {Melo A. M., Baranauskas, M. C. C., Bonilha, F., F., G. },
  title = 	 {Avaliação de Acessibilidade na Web com a Participação do Usuário – um Estudo de Caso},
  journal = 	 {VI Simpósio sobre Fatores Humanos em Sistemas Computacionais — Mediando e Transformando o Cotidiano},
  year = 	 {2004},
  
}


@Misc{Hewett,
  author = 	 {Hewett, T. T., Baecker, R., Card, S., Carey, T., Gasen, J., Mantei, M., Perlman, G., Strong, G., Verplank, W.},
  title = 	 { ACM SIGCHI Curricula for Human-Computer Interaction},
  howpublished = {http://old.sigchi.org/cdg/},
  year = 	 {1992},
  note = 	 {Acesso em: Mar\c{c}o de 2015},
 
}

@Book{Card,
  author = 	 {Card, K. D., Moran, T. P., Newell, A.},
  title = 	 {The Psychology of Human Computer Interaction},
  publisher = 	 {Lawrence Erlbaum Associates},
  year = 	 {1983},
  
}


@book{Melo,
    author    = "Amanda Meincke Melo",
    title     = " Livro dos Tutoriais do XIII Simpósio Brasileiro sobre Fatores Humanos em Sistemas Computacionais",
    publisher = " Sociedade Brasileira de Computação - SBC ",
    year      = "2014",
    
}

@Misc{LAI,
  author = 	 {Caldwell, B., Reid, L. G., Cooper, M., and Vanderheiden, G.},
  title = 	 {Web content accessibility guidelines (WCAG) 2.0. W3C recommendation, W3C.},
  howpublished = {http://www.w3.org/TR/WCAG20/},
  year = 	 {2008},
  note = 	 {Acesso em: 20 de Mar\c{c}o de 2015},

}


@Misc{web,
  author = 	 {Henry, S. L.},
  title = 	 {WAI ARIA Overview},
  howpublished = {http://www.w3.org/WAI/intro/aria},
  year = 	 {2014},
  note = 	 {Aceso em: 19 de Novembro de 2015},

}
